<record><leader>00000cas a22000007a 4500</leader><controlfield tag="001">10029273</controlfield><controlfield tag="008">831018c19839999gauwr ne      0   a0eng d</controlfield><datafield ind1=" " ind2=" " tag="010"><subfield code="a">sn 83004516 </subfield></datafield><datafield ind1=" " ind2=" " tag="040"><subfield code="a">NSD</subfield><subfield code="b">eng</subfield><subfield code="c">NSD</subfield><subfield code="d">NLG</subfield><subfield code="d">GUA</subfield><subfield code="d">OCLCQ</subfield><subfield code="d">OCLCF</subfield><subfield code="d">OCLCO</subfield></datafield><datafield ind1=" " ind2=" " tag="012"><subfield code="m">1</subfield></datafield><datafield ind1="1" ind2=" " tag="022"><subfield code="a">0746-4169</subfield><subfield code="l">0746-4169</subfield><subfield code="2">1</subfield></datafield><datafield ind1="1" ind2=" " tag="029"><subfield code="a">AU@</subfield><subfield code="b">000040517829</subfield></datafield><datafield ind1=" " ind2=" " tag="037"><subfield code="b">Haralson Gateway-Beacon, 222 Tallapoosa St., Bremen, GA 30110</subfield></datafield><datafield ind1=" " ind2=" " tag="042"><subfield code="a">nsdp</subfield></datafield><datafield ind1=" " ind2=" " tag="043"><subfield code="a">n-us-ga</subfield></datafield><datafield ind1=" " ind2="4" tag="222"><subfield code="a">The Haralson gateway-beacon</subfield></datafield><datafield ind1="0" ind2="4" tag="245"><subfield code="a">The Haralson gateway-beacon.</subfield></datafield><datafield ind1=" " ind2=" " tag="260"><subfield code="a">[Bremen, Ga. :</subfield><subfield code="b">s.n.,</subfield><subfield code="c">1983]-</subfield></datafield><datafield ind1=" " ind2=" " tag="310"><subfield code="a">Weekly</subfield></datafield><datafield ind1="0" ind2=" " tag="362"><subfield code="a">Vol. 1, no. 1 (Sept. 1, 1983)-</subfield></datafield><datafield ind1=" " ind2=" " tag="530"><subfield code="a">Also on microfilm: Athens, Ga. : University of Georgia Libraries.</subfield></datafield><datafield ind1=" " ind2=" " tag="580"><subfield code="a">Merger of: Bremen gateway; Haralson County tribune; and, Tallapoosa journal-beacon.</subfield></datafield><datafield ind1=" " ind2="0" tag="651"><subfield code="a">Bremen (Ga.)</subfield><subfield code="v">Newspapers.</subfield></datafield><datafield ind1=" " ind2="0" tag="651"><subfield code="a">Haralson County (Ga.)</subfield><subfield code="v">Newspapers.</subfield></datafield><datafield ind1=" " ind2="7" tag="655"><subfield code="a">Newspapers.</subfield><subfield code="2">fast</subfield><subfield code="0">(OCoLC)fst01423814</subfield></datafield><datafield ind1=" " ind2="7" tag="651"><subfield code="a">Georgia</subfield><subfield code="z">Bremen.</subfield><subfield code="2">fast</subfield><subfield code="0">(OCoLC)fst01229002</subfield></datafield><datafield ind1=" " ind2="7" tag="651"><subfield code="a">Georgia</subfield><subfield code="z">Haralson County.</subfield><subfield code="2">fast</subfield><subfield code="0">(OCoLC)fst01211766</subfield></datafield><datafield ind1=" " ind2=" " tag="752"><subfield code="a">United States</subfield><subfield code="b">Georgia</subfield><subfield code="c">Haralson County</subfield><subfield code="d">Bremen.</subfield></datafield><datafield ind1="1" ind2="4" tag="780"><subfield code="t">Bremen gateway</subfield><subfield code="w">(DLC)sn 88054055</subfield><subfield code="w">(OCoLC)21941735</subfield></datafield><datafield ind1="1" ind2="4" tag="780"><subfield code="t">Haralson County tribune</subfield><subfield code="w">(DLC)sn 88054056</subfield><subfield code="w">(OCoLC)21941908</subfield></datafield><datafield ind1="1" ind2="4" tag="780"><subfield code="t">Tallapoosa journal-beacon</subfield><subfield code="w">(DLC)sn 88054054</subfield><subfield code="w">(OCoLC)21942002</subfield></datafield><datafield ind1=" " ind2=" " tag="936"><subfield code="a">Sept. 1, 1983</subfield></datafield></record>